@misc{test ,
author = {W3Schools},
title = {Airline Data Project},
howpublished = {Available at \url{http://web.mit.edu/airlinedata/www/default.html} (Accessed: 29-09-2019)}
}