@misc{adp ,
	author = {MIT},
	title = {Airline Data Project},
	howpublished = {Available at \url{http://web.mit.edu/airlinedata/www/default.html} (Accessed: 29-09-2019)}
}

@misc{bts ,
	author = {Bureau of Transportation statistics},
	title = {Air Carrier Financial Reports},
	howpublished = {Available at \url{https://www.transtats.bts.gov/Tables.asp?DB_ID=135} (Accessed: 29-09-2019)}
}


@misc{asa ,
	author = {Bureau of Transportation statistics},
	title = {Airline On-Time Statistics and Delay Causes},
	howpublished = {Available at \url{http://stat-computing.org/dataexpo/2009/the-data.html} (Accessed: 29-09-2019)}
}

@misc{acsi ,
	author = {American Customer Satisfaction Index},
	title = {ACSI Travel Report 2018-2019},
	howpublished = {Available at \url{https://www.theacsi.org/news-and-resources/customer-satisfaction-reports/reports-2019/acsi-travel-report-2018-2019/acsi-travel-report-2018-2019-download} (Accessed: 29-09-2019)}
}


@misc{jdpower ,
	author = {J.D. Power},
	title = {North America Airline Customer Satisfaction Improves for 7th Consecutive Year},
	howpublished = {Available at \url{https://www.jdpower.com/business/press-releases/jd-power-2018-north-america-airline-satisfaction-study} (Accessed: 29-09-2019)}
}


